@Comment А вот так оформляется библиография при помощи BibTeX.

@Book{Krisch0,
  author =		 {В.А. Крищенко},
  title = 		 {Конспект лекций по курсу <<Распределенные системы обработки информации>>},
  year = 		 {2011},
  language =     "russian"
}

@Book{Krisch1,
  author =		 {В.А. Крищенко, А.О. Крючков},
  title = 		 {Стек сетевых протоколов TCP/IP: теория и практика компьютерных сетей},
  year = 		 {2012},
  language =     "russian"
}

@Book{Krisch2,
  author =		 {В.А. Крищенко},
  title = 		 {Основы программирования в POSIX-системах~--- Учебное пособие},
  year = 		 {2012},
  language =     "russian"
}

@Misc{Web:Wiki,
  title = {Википедия},
  year = {2013},
  howpublished = {\url{http://ru.wikipedia.org/}}
}

@Book{B1,
  author =		 {У. Р. Стивенс},
  title = 		 {UNIX. Разработка сетевых приложений, 3-е изд.},
  year = 		 {2007},
  language =     "russian"
}

@Book{B2,
  author =		 {K.Davis},
  title = 		 {The Definitive Guide to Linux Network Programming},
  year = 		 {2004},
  language =     "english"
}

@Misc{Web:rfc,
  title = {rfc2821},
  year = {2001},
  howpublished = {\url{http://www.faqs.org/rfcs/rfc2821.html}}
}
